<record><leader>00000cas a22000007a 4500</leader><controlfield tag="001">13857195</controlfield><controlfield tag="008">860711d18211823pauwr ne      0    0eng d</controlfield><controlfield tag="009">5005</controlfield><datafield ind1=" " ind2=" " tag="010"><subfield code="a">sn 85036136 </subfield></datafield><datafield ind1=" " ind2=" " tag="040"><subfield code="a">NPA</subfield><subfield code="b">eng</subfield><subfield code="c">NPA</subfield><subfield code="d">NPX</subfield><subfield code="d">NPH</subfield><subfield code="d">OCLCQ</subfield></datafield><datafield ind1=" " ind2=" " tag="042"><subfield code="a">msc</subfield></datafield><datafield ind1="0" ind2="0" tag="245"><subfield code="a">Paradise hornet.</subfield></datafield><datafield ind1=" " ind2=" " tag="260"><subfield code="a">Paradise, Pa. :</subfield><subfield code="b">D. Witmer &amp; Son,</subfield><subfield code="c">1821-</subfield></datafield><datafield ind1=" " ind2=" " tag="300"><subfield code="a">v. :</subfield><subfield code="b">ill. ;</subfield><subfield code="c">46-48 cm.</subfield></datafield><datafield ind1=" " ind2=" " tag="310"><subfield code="a">Weekly</subfield></datafield><datafield ind1="0" ind2=" " tag="362"><subfield code="a">Vol. 1, no. 5 (June 16, 1821)-</subfield></datafield><datafield ind1="1" ind2=" " tag="362"><subfield code="a">Ceased in 1823?</subfield></datafield><datafield ind1=" " ind2=" " tag="500"><subfield code="a">Publishers: D. Witmer &amp; Son, &lt;1821&gt;; Henry Witmer, &lt;1822&gt;-1823.</subfield></datafield><datafield ind1=" " ind2=" " tag="752"><subfield code="a">United States</subfield><subfield code="b">Pennsylvania</subfield><subfield code="c">Lancaster</subfield><subfield code="d">Paradise.</subfield></datafield><datafield ind1="0" ind2="0" tag="780"><subfield code="t">Hornet (Paradise, Pa.)</subfield><subfield code="w">(DLC)sn 86081636</subfield></datafield></record>